%YAML 1.1
%TAG !u! tag:unity3d.com,2011:
--- !u!1 &33327217428380957
GameObject:
  m_ObjectHideFlags: 0
  m_CorrespondingSourceObject: {fileID: 0}
  m_PrefabInstance: {fileID: 0}
  m_PrefabAsset: {fileID: 0}
  serializedVersion: 6
  m_Component:
  - component: {fileID: 33327217428380958}
  m_Layer: 5
  m_Name: UIElements
  m_TagString: Untagged
  m_Icon: {fileID: 0}
  m_NavMeshLayer: 0
  m_StaticEditorFlags: 0
  m_IsActive: 1
--- !u!224 &33327217428380958
RectTransform:
  m_ObjectHideFlags: 0
  m_CorrespondingSourceObject: {fileID: 0}
  m_PrefabInstance: {fileID: 0}
  m_PrefabAsset: {fileID: 0}
  m_GameObject: {fileID: 33327217428380957}
  m_LocalRotation: {x: -0, y: -0, z: -0, w: 1}
  m_LocalPosition: {x: 0, y: 0, z: 0}
  m_LocalScale: {x: 1, y: 1, z: 1}
  m_Children:
  - {fileID: 33327215973708442}
  - {fileID: 2250645380075193500}
  - {fileID: 1445303006764658636}
  - {fileID: 67076259047071999}
  m_Father: {fileID: 0}
  m_RootOrder: 0
  m_LocalEulerAnglesHint: {x: 0, y: 0, z: 0}
  m_AnchorMin: {x: 0, y: 0}
  m_AnchorMax: {x: 1, y: 1}
  m_AnchoredPosition: {x: 0, y: 0}
  m_SizeDelta: {x: 0, y: 0}
  m_Pivot: {x: 0.5, y: 0.5}
--- !u!1001 &2411508418941190325
PrefabInstance:
  m_ObjectHideFlags: 0
  serializedVersion: 2
  m_Modification:
    m_TransformParent: {fileID: 33327217428380958}
    m_Modifications:
    - target: {fileID: 4308351263968087400, guid: 285919df5394b764c9a1e32b54d1ce2f,
        type: 3}
      propertyPath: m_Name
      value: LevelsMenu
      objectReference: {fileID: 0}
    - target: {fileID: 2421014248575885386, guid: 285919df5394b764c9a1e32b54d1ce2f,
        type: 3}
      propertyPath: m_LocalPosition.x
      value: 0
      objectReference: {fileID: 0}
    - target: {fileID: 2421014248575885386, guid: 285919df5394b764c9a1e32b54d1ce2f,
        type: 3}
      propertyPath: m_LocalPosition.y
      value: 0
      objectReference: {fileID: 0}
    - target: {fileID: 2421014248575885386, guid: 285919df5394b764c9a1e32b54d1ce2f,
        type: 3}
      propertyPath: m_LocalPosition.z
      value: 0
      objectReference: {fileID: 0}
    - target: {fileID: 2421014248575885386, guid: 285919df5394b764c9a1e32b54d1ce2f,
        type: 3}
      propertyPath: m_LocalRotation.x
      value: 0
      objectReference: {fileID: 0}
    - target: {fileID: 2421014248575885386, guid: 285919df5394b764c9a1e32b54d1ce2f,
        type: 3}
      propertyPath: m_LocalRotation.y
      value: 0
      objectReference: {fileID: 0}
    - target: {fileID: 2421014248575885386, guid: 285919df5394b764c9a1e32b54d1ce2f,
        type: 3}
      propertyPath: m_LocalRotation.z
      value: 0
      objectReference: {fileID: 0}
    - target: {fileID: 2421014248575885386, guid: 285919df5394b764c9a1e32b54d1ce2f,
        type: 3}
      propertyPath: m_LocalRotation.w
      value: 1
      objectReference: {fileID: 0}
    - target: {fileID: 2421014248575885386, guid: 285919df5394b764c9a1e32b54d1ce2f,
        type: 3}
      propertyPath: m_RootOrder
      value: 3
      objectReference: {fileID: 0}
    - target: {fileID: 2421014248575885386, guid: 285919df5394b764c9a1e32b54d1ce2f,
        type: 3}
      propertyPath: m_LocalEulerAnglesHint.x
      value: 0
      objectReference: {fileID: 0}
    - target: {fileID: 2421014248575885386, guid: 285919df5394b764c9a1e32b54d1ce2f,
        type: 3}
      propertyPath: m_LocalEulerAnglesHint.y
      value: 0
      objectReference: {fileID: 0}
    - target: {fileID: 2421014248575885386, guid: 285919df5394b764c9a1e32b54d1ce2f,
        type: 3}
      propertyPath: m_LocalEulerAnglesHint.z
      value: 0
      objectReference: {fileID: 0}
    - target: {fileID: 2421014248575885386, guid: 285919df5394b764c9a1e32b54d1ce2f,
        type: 3}
      propertyPath: m_AnchoredPosition.x
      value: 0
      objectReference: {fileID: 0}
    - target: {fileID: 2421014248575885386, guid: 285919df5394b764c9a1e32b54d1ce2f,
        type: 3}
      propertyPath: m_AnchoredPosition.y
      value: 0
      objectReference: {fileID: 0}
    - target: {fileID: 2421014248575885386, guid: 285919df5394b764c9a1e32b54d1ce2f,
        type: 3}
      propertyPath: m_SizeDelta.x
      value: 0
      objectReference: {fileID: 0}
    - target: {fileID: 2421014248575885386, guid: 285919df5394b764c9a1e32b54d1ce2f,
        type: 3}
      propertyPath: m_SizeDelta.y
      value: 0
      objectReference: {fileID: 0}
    - target: {fileID: 2421014248575885386, guid: 285919df5394b764c9a1e32b54d1ce2f,
        type: 3}
      propertyPath: m_AnchorMin.x
      value: 0
      objectReference: {fileID: 0}
    - target: {fileID: 2421014248575885386, guid: 285919df5394b764c9a1e32b54d1ce2f,
        type: 3}
      propertyPath: m_AnchorMin.y
      value: 0
      objectReference: {fileID: 0}
    - target: {fileID: 2421014248575885386, guid: 285919df5394b764c9a1e32b54d1ce2f,
        type: 3}
      propertyPath: m_AnchorMax.x
      value: 1
      objectReference: {fileID: 0}
    - target: {fileID: 2421014248575885386, guid: 285919df5394b764c9a1e32b54d1ce2f,
        type: 3}
      propertyPath: m_AnchorMax.y
      value: 1
      objectReference: {fileID: 0}
    - target: {fileID: 2421014248575885386, guid: 285919df5394b764c9a1e32b54d1ce2f,
        type: 3}
      propertyPath: m_Pivot.x
      value: 0.5
      objectReference: {fileID: 0}
    - target: {fileID: 2421014248575885386, guid: 285919df5394b764c9a1e32b54d1ce2f,
        type: 3}
      propertyPath: m_Pivot.y
      value: 0.5
      objectReference: {fileID: 0}
    m_RemovedComponents: []
  m_SourcePrefab: {fileID: 100100000, guid: 285919df5394b764c9a1e32b54d1ce2f, type: 3}
--- !u!224 &67076259047071999 stripped
RectTransform:
  m_CorrespondingSourceObject: {fileID: 2421014248575885386, guid: 285919df5394b764c9a1e32b54d1ce2f,
    type: 3}
  m_PrefabInstance: {fileID: 2411508418941190325}
  m_PrefabAsset: {fileID: 0}
--- !u!1001 &2810405160752501529
PrefabInstance:
  m_ObjectHideFlags: 0
  serializedVersion: 2
  m_Modification:
    m_TransformParent: {fileID: 33327217428380958}
    m_Modifications:
    - target: {fileID: 7834288910039905615, guid: 2180180f8c0b07a44945619b54e93d8c,
        type: 3}
      propertyPath: m_Name
      value: -InGameUi
      objectReference: {fileID: 0}
    - target: {fileID: 4051962680583542661, guid: 2180180f8c0b07a44945619b54e93d8c,
        type: 3}
      propertyPath: m_LocalPosition.x
      value: 0
      objectReference: {fileID: 0}
    - target: {fileID: 4051962680583542661, guid: 2180180f8c0b07a44945619b54e93d8c,
        type: 3}
      propertyPath: m_LocalPosition.y
      value: 0
      objectReference: {fileID: 0}
    - target: {fileID: 4051962680583542661, guid: 2180180f8c0b07a44945619b54e93d8c,
        type: 3}
      propertyPath: m_LocalPosition.z
      value: 0
      objectReference: {fileID: 0}
    - target: {fileID: 4051962680583542661, guid: 2180180f8c0b07a44945619b54e93d8c,
        type: 3}
      propertyPath: m_LocalRotation.x
      value: 0
      objectReference: {fileID: 0}
    - target: {fileID: 4051962680583542661, guid: 2180180f8c0b07a44945619b54e93d8c,
        type: 3}
      propertyPath: m_LocalRotation.y
      value: 0
      objectReference: {fileID: 0}
    - target: {fileID: 4051962680583542661, guid: 2180180f8c0b07a44945619b54e93d8c,
        type: 3}
      propertyPath: m_LocalRotation.z
      value: 0
      objectReference: {fileID: 0}
    - target: {fileID: 4051962680583542661, guid: 2180180f8c0b07a44945619b54e93d8c,
        type: 3}
      propertyPath: m_LocalRotation.w
      value: 1
      objectReference: {fileID: 0}
    - target: {fileID: 4051962680583542661, guid: 2180180f8c0b07a44945619b54e93d8c,
        type: 3}
      propertyPath: m_RootOrder
      value: 1
      objectReference: {fileID: 0}
    - target: {fileID: 4051962680583542661, guid: 2180180f8c0b07a44945619b54e93d8c,
        type: 3}
      propertyPath: m_LocalEulerAnglesHint.x
      value: 0
      objectReference: {fileID: 0}
    - target: {fileID: 4051962680583542661, guid: 2180180f8c0b07a44945619b54e93d8c,
        type: 3}
      propertyPath: m_LocalEulerAnglesHint.y
      value: 0
      objectReference: {fileID: 0}
    - target: {fileID: 4051962680583542661, guid: 2180180f8c0b07a44945619b54e93d8c,
        type: 3}
      propertyPath: m_LocalEulerAnglesHint.z
      value: 0
      objectReference: {fileID: 0}
    - target: {fileID: 4051962680583542661, guid: 2180180f8c0b07a44945619b54e93d8c,
        type: 3}
      propertyPath: m_AnchoredPosition.x
      value: 0
      objectReference: {fileID: 0}
    - target: {fileID: 4051962680583542661, guid: 2180180f8c0b07a44945619b54e93d8c,
        type: 3}
      propertyPath: m_AnchoredPosition.y
      value: 0
      objectReference: {fileID: 0}
    - target: {fileID: 4051962680583542661, guid: 2180180f8c0b07a44945619b54e93d8c,
        type: 3}
      propertyPath: m_SizeDelta.x
      value: 0
      objectReference: {fileID: 0}
    - target: {fileID: 4051962680583542661, guid: 2180180f8c0b07a44945619b54e93d8c,
        type: 3}
      propertyPath: m_SizeDelta.y
      value: 0
      objectReference: {fileID: 0}
    - target: {fileID: 4051962680583542661, guid: 2180180f8c0b07a44945619b54e93d8c,
        type: 3}
      propertyPath: m_AnchorMin.x
      value: 0
      objectReference: {fileID: 0}
    - target: {fileID: 4051962680583542661, guid: 2180180f8c0b07a44945619b54e93d8c,
        type: 3}
      propertyPath: m_AnchorMin.y
      value: 0
      objectReference: {fileID: 0}
    - target: {fileID: 4051962680583542661, guid: 2180180f8c0b07a44945619b54e93d8c,
        type: 3}
      propertyPath: m_AnchorMax.x
      value: 1
      objectReference: {fileID: 0}
    - target: {fileID: 4051962680583542661, guid: 2180180f8c0b07a44945619b54e93d8c,
        type: 3}
      propertyPath: m_AnchorMax.y
      value: 1
      objectReference: {fileID: 0}
    - target: {fileID: 4051962680583542661, guid: 2180180f8c0b07a44945619b54e93d8c,
        type: 3}
      propertyPath: m_Pivot.x
      value: 0.5
      objectReference: {fileID: 0}
    - target: {fileID: 4051962680583542661, guid: 2180180f8c0b07a44945619b54e93d8c,
        type: 3}
      propertyPath: m_Pivot.y
      value: 0.5
      objectReference: {fileID: 0}
    m_RemovedComponents: []
  m_SourcePrefab: {fileID: 100100000, guid: 2180180f8c0b07a44945619b54e93d8c, type: 3}
--- !u!224 &2250645380075193500 stripped
RectTransform:
  m_CorrespondingSourceObject: {fileID: 4051962680583542661, guid: 2180180f8c0b07a44945619b54e93d8c,
    type: 3}
  m_PrefabInstance: {fileID: 2810405160752501529}
  m_PrefabAsset: {fileID: 0}
--- !u!1001 &3648526878776525258
PrefabInstance:
  m_ObjectHideFlags: 0
  serializedVersion: 2
  m_Modification:
    m_TransformParent: {fileID: 33327217428380958}
    m_Modifications:
    - target: {fileID: 5543103003621967747, guid: 401f67f8c432cec4aba6f2a6d6bf7902,
        type: 3}
      propertyPath: m_Name
      value: -PopUp
      objectReference: {fileID: 0}
    - target: {fileID: 2786765756391648774, guid: 401f67f8c432cec4aba6f2a6d6bf7902,
        type: 3}
      propertyPath: m_LocalPosition.x
      value: 0
      objectReference: {fileID: 0}
    - target: {fileID: 2786765756391648774, guid: 401f67f8c432cec4aba6f2a6d6bf7902,
        type: 3}
      propertyPath: m_LocalPosition.y
      value: 0
      objectReference: {fileID: 0}
    - target: {fileID: 2786765756391648774, guid: 401f67f8c432cec4aba6f2a6d6bf7902,
        type: 3}
      propertyPath: m_LocalPosition.z
      value: 0
      objectReference: {fileID: 0}
    - target: {fileID: 2786765756391648774, guid: 401f67f8c432cec4aba6f2a6d6bf7902,
        type: 3}
      propertyPath: m_LocalRotation.x
      value: 0
      objectReference: {fileID: 0}
    - target: {fileID: 2786765756391648774, guid: 401f67f8c432cec4aba6f2a6d6bf7902,
        type: 3}
      propertyPath: m_LocalRotation.y
      value: 0
      objectReference: {fileID: 0}
    - target: {fileID: 2786765756391648774, guid: 401f67f8c432cec4aba6f2a6d6bf7902,
        type: 3}
      propertyPath: m_LocalRotation.z
      value: 0
      objectReference: {fileID: 0}
    - target: {fileID: 2786765756391648774, guid: 401f67f8c432cec4aba6f2a6d6bf7902,
        type: 3}
      propertyPath: m_LocalRotation.w
      value: 1
      objectReference: {fileID: 0}
    - target: {fileID: 2786765756391648774, guid: 401f67f8c432cec4aba6f2a6d6bf7902,
        type: 3}
      propertyPath: m_RootOrder
      value: 2
      objectReference: {fileID: 0}
    - target: {fileID: 2786765756391648774, guid: 401f67f8c432cec4aba6f2a6d6bf7902,
        type: 3}
      propertyPath: m_LocalEulerAnglesHint.x
      value: 0
      objectReference: {fileID: 0}
    - target: {fileID: 2786765756391648774, guid: 401f67f8c432cec4aba6f2a6d6bf7902,
        type: 3}
      propertyPath: m_LocalEulerAnglesHint.y
      value: 0
      objectReference: {fileID: 0}
    - target: {fileID: 2786765756391648774, guid: 401f67f8c432cec4aba6f2a6d6bf7902,
        type: 3}
      propertyPath: m_LocalEulerAnglesHint.z
      value: 0
      objectReference: {fileID: 0}
    - target: {fileID: 2786765756391648774, guid: 401f67f8c432cec4aba6f2a6d6bf7902,
        type: 3}
      propertyPath: m_AnchoredPosition.x
      value: 50
      objectReference: {fileID: 0}
    - target: {fileID: 2786765756391648774, guid: 401f67f8c432cec4aba6f2a6d6bf7902,
        type: 3}
      propertyPath: m_AnchoredPosition.y
      value: 50
      objectReference: {fileID: 0}
    - target: {fileID: 2786765756391648774, guid: 401f67f8c432cec4aba6f2a6d6bf7902,
        type: 3}
      propertyPath: m_SizeDelta.x
      value: 800
      objectReference: {fileID: 0}
    - target: {fileID: 2786765756391648774, guid: 401f67f8c432cec4aba6f2a6d6bf7902,
        type: 3}
      propertyPath: m_SizeDelta.y
      value: 1000
      objectReference: {fileID: 0}
    - target: {fileID: 2786765756391648774, guid: 401f67f8c432cec4aba6f2a6d6bf7902,
        type: 3}
      propertyPath: m_AnchorMin.x
      value: 0.5
      objectReference: {fileID: 0}
    - target: {fileID: 2786765756391648774, guid: 401f67f8c432cec4aba6f2a6d6bf7902,
        type: 3}
      propertyPath: m_AnchorMin.y
      value: 0.5
      objectReference: {fileID: 0}
    - target: {fileID: 2786765756391648774, guid: 401f67f8c432cec4aba6f2a6d6bf7902,
        type: 3}
      propertyPath: m_AnchorMax.x
      value: 0.5
      objectReference: {fileID: 0}
    - target: {fileID: 2786765756391648774, guid: 401f67f8c432cec4aba6f2a6d6bf7902,
        type: 3}
      propertyPath: m_AnchorMax.y
      value: 0.5
      objectReference: {fileID: 0}
    - target: {fileID: 2786765756391648774, guid: 401f67f8c432cec4aba6f2a6d6bf7902,
        type: 3}
      propertyPath: m_Pivot.x
      value: 0.5
      objectReference: {fileID: 0}
    - target: {fileID: 2786765756391648774, guid: 401f67f8c432cec4aba6f2a6d6bf7902,
        type: 3}
      propertyPath: m_Pivot.y
      value: 0.5
      objectReference: {fileID: 0}
    - target: {fileID: 4289339558810631098, guid: 401f67f8c432cec4aba6f2a6d6bf7902,
        type: 3}
      propertyPath: m_OnClick.m_PersistentCalls.m_Calls.Array.size
      value: 1
      objectReference: {fileID: 0}
    - target: {fileID: 4289339558810631098, guid: 401f67f8c432cec4aba6f2a6d6bf7902,
        type: 3}
      propertyPath: m_OnClick.m_PersistentCalls.m_Calls.Array.data[0].m_Mode
      value: 1
      objectReference: {fileID: 0}
    - target: {fileID: 4289339558810631098, guid: 401f67f8c432cec4aba6f2a6d6bf7902,
        type: 3}
      propertyPath: m_OnClick.m_PersistentCalls.m_Calls.Array.data[0].m_CallState
      value: 2
      objectReference: {fileID: 0}
    m_RemovedComponents: []
  m_SourcePrefab: {fileID: 100100000, guid: 401f67f8c432cec4aba6f2a6d6bf7902, type: 3}
--- !u!224 &1445303006764658636 stripped
RectTransform:
  m_CorrespondingSourceObject: {fileID: 2786765756391648774, guid: 401f67f8c432cec4aba6f2a6d6bf7902,
    type: 3}
  m_PrefabInstance: {fileID: 3648526878776525258}
  m_PrefabAsset: {fileID: 0}
--- !u!1001 &7322484883789521957
PrefabInstance:
  m_ObjectHideFlags: 0
  serializedVersion: 2
  m_Modification:
    m_TransformParent: {fileID: 33327217428380958}
    m_Modifications:
    - target: {fileID: 7343356521684014780, guid: 59b302d96ee81244e8040ed0041748ce,
        type: 3}
      propertyPath: m_Name
      value: Menu
      objectReference: {fileID: 0}
    - target: {fileID: 7343356521684014783, guid: 59b302d96ee81244e8040ed0041748ce,
        type: 3}
      propertyPath: m_LocalPosition.x
      value: 0
      objectReference: {fileID: 0}
    - target: {fileID: 7343356521684014783, guid: 59b302d96ee81244e8040ed0041748ce,
        type: 3}
      propertyPath: m_LocalPosition.y
      value: 0
      objectReference: {fileID: 0}
    - target: {fileID: 7343356521684014783, guid: 59b302d96ee81244e8040ed0041748ce,
        type: 3}
      propertyPath: m_LocalPosition.z
      value: 0
      objectReference: {fileID: 0}
    - target: {fileID: 7343356521684014783, guid: 59b302d96ee81244e8040ed0041748ce,
        type: 3}
      propertyPath: m_LocalRotation.x
      value: 0
      objectReference: {fileID: 0}
    - target: {fileID: 7343356521684014783, guid: 59b302d96ee81244e8040ed0041748ce,
        type: 3}
      propertyPath: m_LocalRotation.y
      value: 0
      objectReference: {fileID: 0}
    - target: {fileID: 7343356521684014783, guid: 59b302d96ee81244e8040ed0041748ce,
        type: 3}
      propertyPath: m_LocalRotation.z
      value: 0
      objectReference: {fileID: 0}
    - target: {fileID: 7343356521684014783, guid: 59b302d96ee81244e8040ed0041748ce,
        type: 3}
      propertyPath: m_LocalRotation.w
      value: 1
      objectReference: {fileID: 0}
    - target: {fileID: 7343356521684014783, guid: 59b302d96ee81244e8040ed0041748ce,
        type: 3}
      propertyPath: m_RootOrder
      value: 0
      objectReference: {fileID: 0}
    - target: {fileID: 7343356521684014783, guid: 59b302d96ee81244e8040ed0041748ce,
        type: 3}
      propertyPath: m_LocalEulerAnglesHint.x
      value: 0
      objectReference: {fileID: 0}
    - target: {fileID: 7343356521684014783, guid: 59b302d96ee81244e8040ed0041748ce,
        type: 3}
      propertyPath: m_LocalEulerAnglesHint.y
      value: 0
      objectReference: {fileID: 0}
    - target: {fileID: 7343356521684014783, guid: 59b302d96ee81244e8040ed0041748ce,
        type: 3}
      propertyPath: m_LocalEulerAnglesHint.z
      value: 0
      objectReference: {fileID: 0}
    - target: {fileID: 7343356521684014783, guid: 59b302d96ee81244e8040ed0041748ce,
        type: 3}
      propertyPath: m_AnchoredPosition.x
      value: 0
      objectReference: {fileID: 0}
    - target: {fileID: 7343356521684014783, guid: 59b302d96ee81244e8040ed0041748ce,
        type: 3}
      propertyPath: m_AnchoredPosition.y
      value: 0
      objectReference: {fileID: 0}
    - target: {fileID: 7343356521684014783, guid: 59b302d96ee81244e8040ed0041748ce,
        type: 3}
      propertyPath: m_SizeDelta.x
      value: 0
      objectReference: {fileID: 0}
    - target: {fileID: 7343356521684014783, guid: 59b302d96ee81244e8040ed0041748ce,
        type: 3}
      propertyPath: m_SizeDelta.y
      value: 0
      objectReference: {fileID: 0}
    - target: {fileID: 7343356521684014783, guid: 59b302d96ee81244e8040ed0041748ce,
        type: 3}
      propertyPath: m_AnchorMin.x
      value: 0
      objectReference: {fileID: 0}
    - target: {fileID: 7343356521684014783, guid: 59b302d96ee81244e8040ed0041748ce,
        type: 3}
      propertyPath: m_AnchorMin.y
      value: 0
      objectReference: {fileID: 0}
    - target: {fileID: 7343356521684014783, guid: 59b302d96ee81244e8040ed0041748ce,
        type: 3}
      propertyPath: m_AnchorMax.x
      value: 1
      objectReference: {fileID: 0}
    - target: {fileID: 7343356521684014783, guid: 59b302d96ee81244e8040ed0041748ce,
        type: 3}
      propertyPath: m_AnchorMax.y
      value: 1
      objectReference: {fileID: 0}
    - target: {fileID: 7343356521684014783, guid: 59b302d96ee81244e8040ed0041748ce,
        type: 3}
      propertyPath: m_Pivot.x
      value: 0.5
      objectReference: {fileID: 0}
    - target: {fileID: 7343356521684014783, guid: 59b302d96ee81244e8040ed0041748ce,
        type: 3}
      propertyPath: m_Pivot.y
      value: 0.5
      objectReference: {fileID: 0}
    - target: {fileID: 7343356522894534791, guid: 59b302d96ee81244e8040ed0041748ce,
        type: 3}
      propertyPath: m_OnClick.m_PersistentCalls.m_Calls.Array.data[0].m_Target
      value: 
      objectReference: {fileID: 0}
    m_RemovedComponents: []
  m_SourcePrefab: {fileID: 100100000, guid: 59b302d96ee81244e8040ed0041748ce, type: 3}
--- !u!224 &33327215973708442 stripped
RectTransform:
  m_CorrespondingSourceObject: {fileID: 7343356521684014783, guid: 59b302d96ee81244e8040ed0041748ce,
    type: 3}
  m_PrefabInstance: {fileID: 7322484883789521957}
  m_PrefabAsset: {fileID: 0}
